@inproceedings{vanish,
  title={Vanish: Increasing Data Privacy with Self-Destructing Data.},
  author={Geambasu, Roxana and Kohno, Tadayoshi and Levy, Amit A and Levy, Henry M},
  booktitle={USENIX Security Symposium},
  pages={299--316},
  year={2009}
}

@inproceedings{defeat-vanish,
  title={Defeating Vanish with Low-Cost Sybil Attacks Against Large DHTs.},
  author={Wolchok, Scott and Hofmann, Owen S and Heninger, Nadia and Felten, Edward W and Halderman, J Alex and Rossbach, Christopher J and Waters, Brent and Witchel, Emmett},
  booktitle={NDSS},
  year={2010}
}

@inproceedings{flicker,
  title={Flicker: An execution infrastructure for TCB minimization},
  author={McCune, Jonathan M and Parno, Bryan J and Perrig, Adrian and Reiter, Michael K and Isozaki, Hiroshi},
  booktitle={ACM SIGOPS Operating Systems Review},
  volume={42},
  number={4},
  pages={315--328},
  year={2008},
  organization={ACM}
}

@misc{ethereum-white,
  title={Ethereum white paper},
  author={Buterin, Vitalik and others},
  year={2013}
}

@article{ethereum-yellow,
  title={Ethereum: A secure decentralised generalised transaction ledger},
  author={Wood, Gavin},
  journal={Ethereum Project Yellow Paper},
  year={2014}
}

@techreport{tpm-iso,
type = {Standard},
key = {ISO 11889-1:2015},
month = aug,
year = {2015},
title = {{Information technology -- Trusted platform module library -- Part 1: Architecture}},
volume = {2015},
institution = {International Organization for Standardization}
}